@inproceedings{SIMPLE2013,
 author = {Qazi, Zafar Ayyub and Tu, Cheng-Chun and Chiang, Luis and Miao, Rui and Sekar, Vyas and Yu, Minlan},
 title = {SIMPLE-fying Middlebox Policy Enforcement Using SDN},
 booktitle = {Proceedings of the ACM SIGCOMM 2013 Conference on SIGCOMM},
 series = {SIGCOMM '13},
 year = {2013},
 isbn = {978-1-4503-2056-6},
 location = {Hong Kong, China},
 pages = {27--38},
 numpages = {12},
 url = {http://doi.acm.org/10.1145/2486001.2486022},
 doi = {10.1145/2486001.2486022},
 acmid = {2486022},
 publisher = {ACM},
 address = {New York, NY, USA},
 keywords = {middlebox, network management, software-defined networking},
} 

@inproceedings{COMB2012,
 author = {Sekar, Vyas and Egi, Norbert and Ratnasamy, Sylvia and Reiter, Michael K. and Shi, Guangyu},
 title = {Design and Implementation of a Consolidated Middlebox Architecture},
 booktitle = {Proceedings of the 9th USENIX Conference on Networked Systems Design and Implementation},
 series = {NSDI'12},
 year = {2012},
 location = {San Jose, CA},
 pages = {24--24},
 numpages = {1},
 url = {http://dl.acm.org/citation.cfm?id=2228298.2228331},
 acmid = {2228331},
 publisher = {USENIX Association},
 address = {Berkeley, CA, USA},
}

@inproceedings{ANANTA2013,
 author = {Patel, Parveen and Bansal, Deepak and Yuan, Lihua and Murthy, Ashwin and Greenberg, Albert and Maltz, David A. and Kern, Randy and Kumar, Hemant and Zikos, Marios and Wu, Hongyu and Kim, Changhoon and Karri, Naveen},
 title = {Ananta: Cloud Scale Load Balancing},
 booktitle = {Proceedings of the ACM SIGCOMM 2013 Conference on SIGCOMM},
 series = {SIGCOMM '13},
 year = {2013},
 isbn = {978-1-4503-2056-6},
 location = {Hong Kong, China},
 pages = {207--218},
 numpages = {12},
 url = {http://doi.acm.org/10.1145/2486001.2486026},
 doi = {10.1145/2486001.2486026},
 acmid = {2486026},
 publisher = {ACM},
 address = {New York, NY, USA},
 keywords = {distributed systems, server load balancing, software defined networking},
} 

@inproceedings{APLOMB2012,
 author = {Sherry, Justine and Hasan, Shaddi and Scott, Colin and Krishnamurthy, Arvind and Ratnasamy, Sylvia and Sekar, Vyas},
 title = {Making Middleboxes Someone else's Problem: Network Processing As a Cloud Service},
 booktitle = {Proceedings of the ACM SIGCOMM 2012 Conference on Applications, Technologies, Architectures, and Protocols for Computer Communication},
 series = {SIGCOMM '12},
 year = {2012},
 isbn = {978-1-4503-1419-0},
 location = {Helsinki, Finland},
 pages = {13--24},
 numpages = {12},
 url = {http://doi.acm.org/10.1145/2342356.2342359},
 doi = {10.1145/2342356.2342359},
 acmid = {2342359},
 publisher = {ACM},
 address = {New York, NY, USA},
 keywords = {cloud, middlebox, outsourcing},
} 

@inproceedings{FLOWTAGS2014,
 author = {Fayazbakhsh, Seyed Kaveh and Sekar, Vyas and Yu, Minlan and Mogul, Jeffrey C.},
 title = {FlowTags: Enforcing Network-wide Policies in the Presence of Dynamic Middlebox Actions},
 booktitle = {Proceedings of the Second ACM SIGCOMM Workshop on Hot Topics in Software Defined Networking},
 series = {HotSDN '13},
 year = {2013},
 isbn = {978-1-4503-2178-5},
 location = {Hong Kong, China},
 pages = {19--24},
 numpages = {6},
 url = {http://doi.acm.org/10.1145/2491185.2491203},
 doi = {10.1145/2491185.2491203},
 acmid = {2491203},
 publisher = {ACM},
 address = {New York, NY, USA},
 keywords = {middlebox, network policy enforcement,},
} 

@inproceedings{Karger1993,
 author = {Karger, David R.},
 title = {Global Min-cuts in RNC, and Other Ramifications of a Simple Min-out Algorithm},
 booktitle = {Proceedings of the Fourth Annual ACM-SIAM Symposium on Discrete Algorithms},
 series = {SODA '93},
 year = {1993},
 isbn = {0-89871-313-7},
 location = {Austin, Texas, USA},
 pages = {21--30},
 numpages = {10},
 url = {http://dl.acm.org/citation.cfm?id=313559.313605},
 acmid = {313605},
 publisher = {Society for Industrial and Applied Mathematics},
 address = {Philadelphia, PA, USA},
} 

@inproceedings{XEN,
 author = {Barham, Paul and Dragovic, Boris and Fraser, Keir and Hand, Steven and Harris, Tim and Ho, Alex and Neugebauer, Rolf and Pratt, Ian and Warfield, Andrew},
 title = {Xen and the Art of Virtualization},
 booktitle = {Proceedings of the Nineteenth ACM Symposium on Operating Systems Principles},
 series = {SOSP '03},
 year = {2003},
 isbn = {1-58113-757-5},
 location = {Bolton Landing, NY, USA},
 pages = {164--177},
 numpages = {14},
 url = {http://doi.acm.org/10.1145/945445.945462},
 doi = {10.1145/945445.945462},
 acmid = {945462},
 publisher = {ACM},
 address = {New York, NY, USA},
 keywords = {hypervisors, paravirtualization, virtual machine monitors},
} 
@article{Mogul1997,
 author = {Mogul, Jeffrey C. and Douglis, Fred and Feldmann, Anja and Krishnamurthy, Balachander},
 title = {Potential Benefits of Delta Encoding and Data Compression for HTTP},
 journal = {SIGCOMM Comput. Commun. Rev.},
 issue_date = {Oct. 1997},
 volume = {27},
 number = {4},
 month = oct,
 year = {1997},
 issn = {0146-4833},
 pages = {181--194},
 numpages = {14},
 url = {http://doi.acm.org/10.1145/263109.263162},
 doi = {10.1145/263109.263162},
 acmid = {263162},
 publisher = {ACM},
 address = {New York, NY, USA},
} 
@article{Floyd1999,
 author = {Floyd, Sally and Fall, Kevin},
 title = {Promoting the Use of End-to-end Congestion Control in the Internet},
 journal = {IEEE/ACM Trans. Netw.},
 issue_date = {Aug. 1999},
 volume = {7},
 number = {4},
 month = aug,
 year = {1999},
 issn = {1063-6692},
 pages = {458--472},
 numpages = {15},
 url = {http://dx.doi.org/10.1109/90.793002},
 doi = {10.1109/90.793002},
 acmid = {316740},
 publisher = {IEEE Press},
 address = {Piscataway, NJ, USA},
} 
@article{Transcoding, 
author={Vetro, A. and Christopoulos, C. and Huifang Sun}, 
journal={Signal Processing Magazine, IEEE}, 
title={Video transcoding architectures and techniques: an overview}, 
year={2003}, 
month={Mar}, 
volume={20}, 
number={2}, 
pages={18-29}, 
keywords={brightness;data compression;discrete cosine transforms;image resolution;image sequences;motion compensation;reviews;transform coding;video coding;bit-rate reduction;block-based video coding schemes;chrominance blocks;discrete cosine transform;error resilient transcoding;hybrid DCT;luminance block;luminance block size;luminance components processing;macroblocks;motion compensation;scalable coding;spatial resolution reduction;temporal resolution reduction;video sequence;video transcoding architectures;video transcoding techniques;Bit rate;Computer architecture;Decoding;Multimedia systems;Signal processing;Spatial resolution;Streaming media;TV;Transcoding;Video coding}, 
doi={10.1109/MSP.2003.1184336}, 
ISSN={1053-5888},}

@article{FordFulkerson,
    author = {Ford, L. R. and Fulkerson, D. R.},
    journal = {Canadian Journal of Mathematics},
    keywords = {maximal\_flow, networks},
    pages = {399--404},
    issue_date = {1956},
    priority = {2},
    title = {{Maximal Flow through a Network.}},
    url = {http://www.rand.org/pubs/papers/P605/},
    volume = {8}
}
@inproceedings{Wayne1999,
 author = {Wayne, Kevin D.},
 title = {A Polynomial Combinatorial Algorithm for Generalized Minimum Cost Flow},
 booktitle = {Proceedings of the Thirty-first Annual ACM Symposium on Theory of Computing},
 series = {STOC '99},
 year = {1999},
 isbn = {1-58113-067-8},
 location = {Atlanta, Georgia, USA},
 pages = {11--18},
 numpages = {8},
 url = {http://doi.acm.org/10.1145/301250.301261},
 doi = {10.1145/301250.301261},
 acmid = {301261},
 publisher = {ACM},
 address = {New York, NY, USA},
} 
@article{Edmonds1972,
 author = {Edmonds, Jack and Karp, Richard M.},
 title = {Theoretical Improvements in Algorithmic Efficiency for Network Flow Problems},
 journal = {J. ACM},
 issue_date = {April 1972},
 volume = {19},
 number = {2},
 month = apr,
 year = {1972},
 issn = {0004-5411},
 pages = {248--264},
 numpages = {17},
 url = {http://doi.acm.org/10.1145/321694.321699},
 doi = {10.1145/321694.321699},
 acmid = {321699},
 publisher = {ACM},
 address = {New York, NY, USA},
} 
@INPROCEEDINGS{infocom2000, 
author={Fortz, B. and Thorup, M.}, 
booktitle={INFOCOM 2000. Nineteenth Annual Joint Conference of the IEEE Computer and Communications Societies. Proceedings. IEEE}, 
title={Internet traffic engineering by optimizing OSPF weights}, 
year={2000}, 
month={}, 
volume={2}, 
pages={519-528 vol.2}, 
keywords={Internet;channel capacity;computational complexity;optimisation;protocols;search problems;telecommunication congestion control;telecommunication network routing;telecommunication traffic;AT&T WorldNet backbone;Internet traffic engineering;NP-hardness;OSPF;congestion;demand matrix;intra-domain Internet routing protocol;link capacity;link weights;load balancing;local search heuristic;open shortest path first protocol;optimal general routing;synthetic internetworks;traffic flow;Laboratories;Load management;Multiprotocol label switching;Routing protocols;Spine;Telecommunication traffic;Testing;Throughput;Traffic control;Web and internet services}, 
doi={10.1109/INFCOM.2000.832225}, 
ISSN={0743-166X},}

@inproceedings {clickos,
author = {Joao Martins and Mohamed Ahmed and Costin Raiciu and Vladimir Olteanu and Michio Honda and Roberto Bifulco and Felipe Huici},
title = {ClickOS and the Art of Network Function Virtualization},
booktitle = {11th USENIX Symposium on Networked Systems Design and Implementation (NSDI 14)},
year = {2014},
month = Apr,
isbn = {978-1-931971-09-6},
address = {Seattle, WA},
pages = {459--473},
url = {https://www.usenix.org/conference/nsdi14/technical-sessions/presentation/martins},
publisher = {USENIX Association},
}
@miscellaneous{Embrane,
note={\url{http://www.embrane.com}}
}
@miscellaneous{openvswitch,
	note={\url{http://openvswitch.org}}
}

@miscellaneous{Barracuda,
note={\url{https://www.barracuda.com}} 
}
@miscellaneous{SecurityMarketResearch,
note={\url{http://www.abiresearch.com/market-research/product/1006059-world-enterprise-network-and-data-security}}
}